% This file was created with JabRef 2.7.2.
% Encoding: Cp1252

@ARTICLE{Aggarwal2008,
  author = {Aggarwal, Shankar G. and Kawamura, Kimitaka},
  title = {Molecular distributions and stable carbon isotopic compositions of
	dicarboxylic acids and related compounds in aerosols from Sapporo,
	Japan: Implications for Photochemical aging during long-range atmospheric
	transport},
  journal = {Journal of Geophysical Research},
  year = {2008},
  volume = {113},
  pages = {13},
  number = {D14301}
}

@ARTICLE{Beyer2010,
  author = {Beyer, Keith D. and Schroeder, Jason and Palet, Benjamin},
  title = {Solid/Liquid Phase Diagram of the Ammonium/Sulfate/Malonic Acid/Water
	System},
  journal = {Journal of Physical Chemistry A},
  year = {2010},
  volume = {114},
  pages = {4282-4288}
}

@ARTICLE{Bilde2003,
  author = {Bilde, Merete and Svenningsson, Birgitta and M√∏nster, Jacob and
	Rosen√∏rn, Thomas},
  title = {Even-odd alternation of evaporation ratesand vapor pressures of C3-C9
	dicarboxylic acid aerosols},
  journal = {Environmental Science \& Technology},
  year = {2003},
  volume = {37},
  pages = {1371-1378},
  number = {7}
}

@ARTICLE{Booth2009,
  author = {Booth, Alastair Murray and Topping, David Owen and McFiggans, Gordon
	and Percival, Carl John},
  title = {Surface tension of mixed inorganic and dicarboxylic acid aqueous
	solutions at 298.15 K and their importance for cloud activation predictions},
  journal = {Physical Chemistry Chemical Physics},
  year = {2009},
  volume = {11},
  pages = {8021-8028}
}

@ARTICLE{Bougeard1988,
  author = {Bougeard, D. and Villepin, J. De and Novak, A.},
  title = {Vibrational spectra and dynamics of crystalline malonic acid at room
	temperature},
  journal = {Spectrochimica Acta},
  year = {1988},
  volume = {44A},
  pages = {1281-1286},
  number = {12}
}

@ARTICLE{Braban2003,
  author = {Braban, Christine F. and Carroll, Matthew F. and Styler, Sarah A.
	and Abbatt, Jonathan P. D.},
  title = {Phase Transitions of Malonic and Oxalic Acid Aerosols},
  journal = {Journal of Physical Chemistry A},
  year = {2003},
  volume = {107},
  pages = {6594-6602}
}

@ARTICLE{Cabaniss1998,
  author = {Cabaniss, S.E. and Leenheer, J.A. and McVey, I.F.},
  title = {Aqueous infrared carboxylate absorbances: aliphatic di-acids},
  journal = {Spectrochimica Acta Part A},
  year = {1998},
  volume = {54},
  pages = {449-458}
}

@ARTICLE{Corrigan2008,
  author = {Corrigan, Ashley L. and Hanley, Sean W. and Haan, David O. De},
  title = {Uptake of Glyoxal by Organic and Inorganic Aerosol},
  journal = {Environmental Science \& Technology},
  year = {2008},
  volume = {42},
  pages = {4428-4433},
  number = {12}
}

@ARTICLE{Dobson1999,
  author = {Dobson, Kevin D. and McQuillan, A. James},
  title = {In situ infrared spectroscopic analysis of the adsorption of aliphatic
	carboxylic acids to TiO2, ZrO2, Al2O3, and Ta2O5 from aqueous solutions},
  journal = {Spectrochimica Acta Part A},
  year = {1999},
  volume = {55},
  pages = {1395-1405}
}

@ARTICLE{Ervens2004,
  author = {Ervens, Barbara and Feingold, Graham and Clegg, Simon L. and Kreidenweis,
	Sonia M.},
  title = {A modeling study of aqueous production of dicraboxylic acids: 2.
	Implications for cloud microphysics},
  journal = {Journal of Geophysical Research},
  year = {2004},
  volume = {109},
  pages = {12},
  number = {D15206}
}

@ARTICLE{Ervens2004a,
  author = {Ervens, Barbara and Feingold, Graham and Frost, Gregory J. and Kreidenweis,
	Sonia M.},
  title = {A modeling study of aqueous production of dicraboxylic acids: 1.
	Chemical pathways and speciated organic mass production},
  journal = {Journal of Geophysical Research},
  year = {2004},
  volume = {109},
  pages = {20},
  number = {D15205}
}

@ARTICLE{Griffiths2009,
  author = {Griffiths, Paul T. and Badger, Claire L. and Cox, R. Anthony and
	Folkers, Mareike and Henk, Hartmut H. and Mentel, Thomas F.},
  title = {REactive Uptake of N2O5 by Aerosols Containing Dicarboxylic Acids.
	Effect of Particle Phase, Composition, and Nitrate Content},
  journal = {Journal of Physical Chemistry A},
  year = {2009},
  volume = {113},
  pages = {5082-5090}
}

@ARTICLE{Gunawardena2001,
  author = {Gunawardena, N. R. and Brill, T. B.},
  title = {Spectroscopy of Hydrothermal Reactions 15. The pH and Counterion
	Effects on the Decarboxylation Kinetics of the Malontate System},
  journal = {Journal of Physical Chemistry A},
  year = {2001},
  volume = {105},
  pages = {1876-1881}
}

@ARTICLE{Hansen2004,
  author = {Hansen, Anne R. and Beyer, Keith D.},
  title = {Experimentally Determined Thermochemical Properties of the Malonic
	Acid/Water System: Implications for Atmospheric Aerosols},
  journal = {Journal of Physical Chemistry A},
  year = {2004},
  volume = {108},
  pages = {3457-3466}
}

@ARTICLE{Henning2005,
  author = {Henning, S. and Rosen√∏rn, T. and D'Anna, B. and Gola, A. A. and
	Svenningsson, B. and Bilde, M.},
  title = {Cloud droplet activation and surface tension of mixtures of slightly
	soluble organics and inorganic salt},
  journal = {Atmospheric Chemistry and Physics},
  year = {2005},
  volume = {5},
  pages = {575-582}
}

@ARTICLE{Hienola2009,
  author = {Hienola, A. I. and Vehkam√§ki, H. and Riipinen, I. and Kulmala, M.},
  title = {Homogeneous vs. heterogeneous nulceation in water-dicaroboxylic acid
	systems},
  journal = {Atmospheric Chemistry and Physics},
  year = {2009},
  volume = {9},
  pages = {1873-1881}
}

@ARTICLE{Hsieh2009,
  author = {Hsieh, Li-Ying and Kuo, Su-Ching and Chen, Chien-Lung and Tsai, Ying
	I.},
  title = {Size distributions of nano/micron dicarboxylic acids and inorganics
	ions in suburban PM episode and non-episodic aerosol},
  journal = {Atmospheric Environment},
  year = {2009},
  volume = {43},
  pages = {4396-4406}
}

@ARTICLE{Hsieh2007,
  author = {Hsieh, Li-Ying and Kuo, Su-Ching and Chen, Chien-Lung and Tsai, Ying
	I.},
  title = {Origin of low-molecular-weight dicarboxylic acids and their concentration
	and size distribution variation in suburban aerosol},
  journal = {Atmospheric Environment},
  year = {2007},
  volume = {41},
  pages = {6648-6661}
}

@ARTICLE{HyvA§rinen2006,
  author = {Hyv√§rinen, Antti-Pekka and Lihavainen, Heikki and Gaman, Anca and
	Vairila, Laura and Ojala, Heikki and Kulmala, Markku and Viiasnen,
	Yrj√∂},
  title = {Surface tensions and densities of oxalic, malonic, succinic, maleic,
	malic, and cis-pinonic acids},
  journal = {Journal of Chemical and Engineering Data},
  year = {2006},
  volume = {51},
  pages = {255-260}
}

@ARTICLE{Johnson2005,
  author = {Johnson, C. Magnus and Tyrode, Eric and Baldelli, Steve and Rutland,
	Mark W. and Leygraf, Christofer},
  title = {A Vibrational Sum Frequency Spectroscopy Study of the Liquid-Gas
	Interface of Acetic Acid-Water Mixtures: 1. Surface Speciation},
  journal = {Journal of Physical Chemistry B},
  year = {2005},
  volume = {109},
  pages = {321-328}
}

@ARTICLE{Ling2008,
  author = {Ling, Tsz Yan and Chan, Chak K.},
  title = {Partial crystallization and deliquescence of particles containing
	ammonium sulfate and dicarboxylic acids},
  journal = {Journal of Geophysical Research},
  year = {2008},
  volume = {113},
  pages = {15},
  number = {D14205}
}

@ARTICLE{Ma2011,
  author = {Ma, Xiaofei and Chakraborty, Purnendu and Henz, Brian J. and Zachariah,
	Michael R.},
  title = {Molecular dynamic simulation of dicarboxylic acid coated aqueous
	aerosol: strucutre and processing of water vapor},
  journal = {Physical Chemistry Chemical Physics},
  year = {2011},
  volume = {13},
  pages = {9374-9384}
}

@ARTICLE{Marcolli2006,
  author = {Marcolli, Claudia and Krieger, Ulrich K.},
  title = {Phase Changes during Hygroscopic Cycles of Mixed Organic/Inorganic
	Model Systems of Tropospheric Aerosols},
  journal = {Journal of Physical Chemistry A},
  year = {2006},
  volume = {110},
  pages = {1881-1893}
}

@ARTICLE{MaAßA¥as2000,
  author = {Ma√ß√¥as, Ermelinda M. S. and Fausto, Rui and Lundell, Jan and Pettersson,
	Mika and Khriachtchev, Leonid and R√§s√§nen, Markku},
  title = {Conformational Analysis and Near-Infrared-Induced Rotamerization
	of Malonic Acid in an Argon Matrix},
  journal = {Journal of Physical Chemistry A},
  year = {2000},
  volume = {104},
  pages = {11725-11732}
}

@ARTICLE{Nguyen2005,
  author = {Nguyen, Thanh Ha and Hibbs, David E. and Howard, Si√¢n T.},
  title = {Conformatinos, Energies, and Intramolecular Hydrogen Bonds in Dicarboxylic
	Acids: Implications of the Design of Synthetic Dicarboxylic Acid
	Receptors},
  journal = {Journal of Computational Chemistry},
  year = {2005},
  volume = {26},
  pages = {1233-1241},
  number = {12}
}

@ARTICLE{Parsons2004,
  author = {Parsons, Matthew T. and Mak, Jackson and Lipetz, Sarah R. and Bertram,
	Allan K.},
  title = {Deliquescence of malonic, succinic, glutaric, and adipic acid particles},
  journal = {Journal of Geophysical Research},
  year = {2004},
  volume = {109},
  pages = {8},
  number = {D06212}
}

@ARTICLE{Pavuluri2010,
  author = {Pavuluri, Chandra Mouli and Kawamura, Kimitaka and Swaminathan, T.},
  title = {Water-soluble organic carbon, dicarboxylic acids, ketoacids, and
	…ë-dicarbonyls in the tropical Indian aerosols},
  journal = {Journal of Geophysical Research},
  year = {2010},
  volume = {115},
  pages = {15},
  number = {D11302}
}

@ARTICLE{Perrin1992,
  author = {Perrin, Charles L. and Thoburn, John D.},
  title = {Symmetries of Hyrdogen Bonds in Monoanions of Dicarboxylic Acids},
  journal = {Journal of the American Chemical Society},
  year = {1992},
  volume = {114},
  pages = {8559-8565}
}

@ARTICLE{Pope2010,
  author = {Pope, Francis D. and Dennis-Smither, Ben J. and Griffiths, Paul T.
	and Clegg, Simon L. and Cox, R. Anthony},
  title = {Studies of Single Aersol Particles Containing Malonic Acid, Glutaric
	Acid, and Their Mixtures with Sodium Chloride. I. Hygroscopic Growth},
  journal = {Journal of Physical Chemistry A},
  year = {2010},
  volume = {114},
  pages = {5335-5341}
}

@ARTICLE{Pope2010a,
  author = {Pope, Francis D. and Tong, Hai-Jie and Dennis-Smither, Ben J. and
	Griffiths, Paul T. and Clegg, Simon L. and Reid, Jonathon P. and
	Cox, R. Anthony},
  title = {Studies of Single Aersol Particles Containing Malonic Acid, Glutaric
	Acid, and Their Mixtures with Sodium Chloride. II. Liquid-State Vapor
	Pressures of the Acids},
  journal = {Journal of Physical Chemistry A},
  year = {2010},
  volume = {114},
  pages = {10156-10165}
}

@ARTICLE{Riipinen2007,
  author = {Riipinen, Ilona and Koponen, Ismo K. and Frank, G√∂ran P. and Hy√§rinen,
	Antti-Pekka and Vanhanen, Joonas and Lihavainen, Heikki and Lehtinen,
	Kari E. J. and Bilde, Merete and Markku, Kulmala},
  title = {Adipic amd Malonic Acid Aqueous Soltuions: Surface Tensions and Saturation
	Vapor Pressures},
  journal = {Journal of Physical Chemsitry A},
  year = {2007},
  volume = {111},
  pages = {12995-13002}
}

@ARTICLE{Rozaini2009,
  author = {Rozaini, Mohd Zul Helmi and Brimblecone, Peter},
  title = {The odd-even behaviour of dicarboxylic acids solubility in the atmpospheric
	aerosols},
  journal = {Water Air Soil and Pollution},
  year = {2009},
  volume = {198},
  pages = {65-75}
}

@ARTICLE{Schmelz1959,
  author = {Schmelz, M.J. and Nakagawa, Ichiro and Mizushima, San-Ichiro and
	Quagliano, J.V.},
  title = {Infrared Absorption Spectra of Inorganic Coordination Complexes.
	XVIII. Infrared Studies of Malonato Metal Complexes},
  journal = {? JACS? Spectrochimica Acta?},
  year = {1959},
  volume = {81},
  pages = {287-290}
}

@ARTICLE{Specht2001,
  author = {Specht, Christian H. and Frimmel, Fritz H.},
  title = {An in situ ATR_FTIR study on the adsorption of dicarboxylic acids
	onto kaolinite in aqueous suspensions},
  journal = {Physical Chemistry Chemical Physics},
  year = {2001},
  volume = {3},
  pages = {5444-5449}
}

@ARTICLE{Thalladi2000,
  author = {Thalladi, Venkat R. and N√ºsse, Markus and Boese, Roland},
  title = {The melting point alternation in Œ±,œâ-Alkanedicarboxylic acids},
  journal = {Journal of the American Chemical Society},
  year = {2000},
  volume = {122},
  pages = {9227-9236}
}

@ARTICLE{Topping2007,
  author = {Topping, D. O. and McFiggans, G. B. and Kiss, G. and Varga, Z. and
	Facchini, M. C. and Decesari, S. and Mircea, M.},
  title = {Surface tensions of multi-component mixed inorganic/organic aqueous
	systems of atmospheric significance: measurements, model predictions
	and importance for cloud activation predictions},
  journal = {Atmospheric Chemistry and Physics},
  year = {2007},
  volume = {7},
  pages = {2371-2398}
}

@ARTICLE{Tuckermann2007,
  author = {Tuckermann, R.},
  title = {Surface tension of aqueous solutions of water-soluble organic and
	inorganic compounds},
  journal = {Atmospheric Environment},
  year = {2007},
  volume = {41},
  pages = {6265-6275}
}

@ARTICLE{Tyrode2005,
  author = {Tyrode, Eric and Johnson, C. Magnus and Baldelli, Steve and Leygraf,
	Christofer and Rutland, Mark W.},
  title = {A Vibrational Sum Frequency Spectroscopy Study of the Liquid-Gas
	Interface of Acetic Acid-Water Mixtures: 2. Orientation Analysis},
  journal = {Journal of Physical Chemistry B},
  year = {2005},
  volume = {109},
  pages = {329-341}
}

@ARTICLE{Varga2007,
  author = {Varga, Z. and Kiss, G. and Hansson, H.-C.},
  title = {Modelling the cloud condensation nucleus activity of organic acids
	on the basis of surface tension and osmolality measurements},
  journal = {Atmospheric Chemistry and Physics},
  year = {2007},
  volume = {7},
  pages = {4601-4611}
}

@ARTICLE{Wolfs1996,
  author = {Wolfs, Ilse and Dessyn, Herman O.},
  title = {Characteristic Vibrational Pattern for the Cyclic Dimer Carboxylic
	Acid Function in the Solid State},
  journal = {Applied Spectroscopy},
  year = {1996},
  volume = {50},
  pages = {1000-1006},
  number = {8}
}

@ARTICLE{Yang2010,
  author = {Yang, Cheng Y. and Huang, Zishuai and Allen, Heather C.},
  title = {Binding of Mg2+ and Ca2+ to Plmitic Acid and Deprotonation of the
	COOH Headgrou[ Studied by Vibrational Sum Frequency Generation Spectroscopy},
  journal = {Journal of Physical Chemistry B},
  year = {2010},
  volume = {114},
  pages = {17068-17076}
}

@ARTICLE{Yeung2010,
  author = {Yeung, Ming Chee and Chan, Chak K.},
  title = {Water Content and Phase Transitions in Particles of Inorganic and
	Organic Species and their Mixtures Using Micro-Raman Spectroscopy},
  journal = {Aerosol Science and Technology},
  year = {2010},
  volume = {44},
  pages = {269-280}
}

